<?xml version="1.0" encoding="UTF-8"?><collection xmlns="http://www.loc.gov/MARC21/slim"><record><leader>00310nam--2200121-i-4500</leader><controlfield tag="001">000005616</controlfield><controlfield tag="002">20161230</controlfield><controlfield tag="005">20161230201026</controlfield><controlfield tag="008">060222s1000------------r-----000-0-eng-d</controlfield><datafield ind1=" " ind2=" " tag="245"><subfield code="a">Researches in geochemistry</subfield></datafield><datafield ind1=" " ind2=" " tag="260"><subfield code="a">New York, John Wiley &amp; Sons, Inc. , 1959 X+511 P</subfield></datafield><datafield ind1=" " ind2=" " tag="700"><subfield code="a">Abelson, Ph. H</subfield></datafield><datafield ind1=" " ind2=" " tag="852"><subfield code="a">16709</subfield></datafield></record></collection>